@misc{ClassificationCompendium,
  title={Classification Compendium from the course TTT4275 },
  author={Norwegian University of Science and Technology, Department of Electronic Systems },
  year = {2020}
}



@misc{MNIST, 
    author = {LeCun, Yann, Cortes, Corinna, 
 Burges, Christopher J.C.},
  title = {{THE MNIST DATABASE
of handwritten digits}},
  howpublished = "\url{http://yann.lecun.com/exdb/mnist}",
  year = {2020},
  note = "[Accessed: 2020-03-24]"
}


@misc{TTT,
  author = {Norwegian University of Science and Technology, Department of Electronic Systems},
  title = {{TTT4275 - Estimering, deteksjon og klassifisering}},
  howpublished = "\url{https://www.ntnu.no/studier/emner/TTT4275#tab=omEmnet}",
  year = {2020}, 
  note = "[Online; Accessed: 2020-04-28]"
}


